@article{article:delving_deep_into_rectifiers,
  author    = {Kaiming He and
               Xiangyu Zhang and
               Shaoqing Ren and
               Jian Sun},
  title     = {Delving Deep into Rectifiers: Surpassing Human-Level Performance on
               ImageNet Classification},
  journal   = {CoRR},
  volume    = {abs/1502.01852},
  year      = {2015},
  url       = {http://arxiv.org/abs/1502.01852},
  timestamp = {Wed, 07 Jun 2017 14:41:19 +0200},
  biburl    = {http://dblp.uni-trier.de/rec/bib/journals/corr/HeZR015},
  bibsource = {dblp computer science bibliography, http://dblp.org}
},

@inproceedings{dataset:imagenet,
        AUTHOR = {Deng, J. and Dong, W. and Socher, R. and Li, L.-J. and Li, K. and Fei-Fei, L.},
        TITLE = {{ImageNet: A Large-Scale Hierarchical Image Database}},
        BOOKTITLE = {CVPR09},
        YEAR = {2009},
        BIBSOURCE = "http://www.image-net.org/papers/imagenet_cvpr09.bib"
},

@book{book:deeplearningbook,
    title={Deep Learning},
    author={Ian Goodfellow and Yoshua Bengio and Aaron Courville},
    publisher={MIT Press},
    note={\url{http://www.deeplearningbook.org}},
    year={2016}
},

@misc{url:ftts_irap,
    howpublished={\url{https://he.ftts-irap.org}},
    note={[pristupano 14. lipnja 2017.]}
},

@misc{url:google_maps,
    howpublished={\url{https://www.google.hr/maps?source=tldsi&hl=en}},
    note={[pristupano 16. lipnja 2017.}
},

@misc{man:ftts_irap_attributes,
    organization  = {iRAP},
    title         = {{iRAP Methodology Fact Sheet \#3 Road attributes}},
    year          =  {2015},
    howpublished          = {\url{http://www.irap.org/en/about-irap-3/methodology?download=132:irap-methodology-fact-sheet-3-road-attributes}},
    note={[pristupano 14. lipnja 2017.]}
},

@misc{man:ftts_irap_coding_manual,
    organization={iRAP},
    title={{iRAP Star Rating and Investment Plan Coding Manual}},
    year={2014},
    howpublished={\url{http://downloads.irap.org/docs/RAP-SR-2-2_Star_Rating_coding_manual.pdf}},
    note={[pristupano 14. lipnja 2017.]}
},

@misc{pdf:duboko_0,
  Author = {Šegvić, Siniša},
  Institution = {Fakultet elektrotehnike i računarstva},
  Year = {2016},
  Title = {{Uvodno predavanje}},
  howpublished={\url{http://www.zemris.fer.hr/~ssegvic/du/du0intro.pdf}},
  note={[pristupano 17. lipnja 2017.]}
},

@misc{seminar:rela,
    Author = {Relić, Ivan},
    Institution = {Fakultet elektrotehnike i računarstva},
    Year = {2016},
    Title = {{Klasifikacija slika dubokim konvolucijskim mrežama}},
    note={seminarski rad}
},

@misc{masters:vukotic_ms,
    author     =     {Vedran Vukotić},
    title     =     {{Raspoznavanje objekata dubokim neuronskim mrežama}},
    school     =     {Sveučilište u Zagrebu, Fakultet elektrotehnike i računarstva},
    year     =     {2014}
},

@article{article:maxpooling_article,
    author  = {Dominik Scherer and Andreas Muller and Sven Behnke}, 
    title   = {{Evaluation of Pooling Operations in Convolutional Architectures for Object Recognition}},
    year    = 2010
},

@article{article:bn_paper,
    author  = {Sergey Ioffe and Christian Szegedy}, 
    title   = {{Batch Normalization: Accelerating Deep Network Training by Reducing Internal Covariate Shift}}
},

@article{article:adam,
  author    = {Diederik P. Kingma and
               Jimmy Ba},
  title     = {Adam: {A} Method for Stochastic Optimization},
  journal   = {CoRR},
  volume    = {abs/1412.6980},
  year      = {2014},
  url       = {http://arxiv.org/abs/1412.6980},
  timestamp = {Wed, 07 Jun 2017 14:40:52 +0200},
  biburl    = {http://dblp.uni-trier.de/rec/bib/journals/corr/KingmaB14},
  bibsource = {dblp computer science bibliography, http://dblp.org}
},

@article{article:vgg,
  author    = {Karen Simonyan and
               Andrew Zisserman},
  title     = {{Very Deep Convolutional Networks for Large-Scale Image Recognition}},
  journal   = {CoRR},
  volume    = {abs/1409.1556},
  year      = {2014},
  url       = {http://arxiv.org/abs/1409.1556},
  timestamp = {Wed, 07 Jun 2017 14:41:51 +0200},
  biburl    = {http://dblp.uni-trier.de/rec/bib/journals/corr/SimonyanZ14a},
  bibsource = {dblp computer science bibliography, http://dblp.org}
},

@article{article:ilsvrc2015,
Author = {Olga Russakovsky and Jia Deng and Hao Su and Jonathan Krause and Sanjeev Satheesh and Sean Ma and Zhiheng Huang and Andrej Karpathy and Aditya Khosla and Michael Bernstein and Alexander C. Berg and Li Fei-Fei},
Title = {{ImageNet Large Scale Visual Recognition Challenge}},
Year = {2015},
journal   = {International Journal of Computer Vision (IJCV)},
doi = {10.1007/s11263-015-0816-y},
volume={115},
number={3},
pages={211-252}
},

@article{article:vgg_architecture,
  Author = {El Khiyari, H. and Wechsler, H.},
  journal = {Journal of Information Security},
  Year = {2016},
  volume = {7},
  number = {3},
  pages = {141-151},
  Title = {{Face Recognition across Time Lapse Using Convolutional Neural Networks}},
  howpublished={\url{http://dx.doi.org/10.4236/jis.2016.73010}}
},

@article{article:sequential_architectures,
  author    = {Joe Yue{-}Hei Ng and
               Matthew J. Hausknecht and
               Sudheendra Vijayanarasimhan and
               Oriol Vinyals and
               Rajat Monga and
               George Toderici},
  title     = {Beyond Short Snippets: Deep Networks for Video Classification},
  journal   = {CoRR},
  volume    = {abs/1503.08909},
  year      = {2015},
  url       = {http://arxiv.org/abs/1503.08909},
  timestamp = {Wed, 07 Jun 2017 14:40:49 +0200},
  biburl    = {http://dblp.uni-trier.de/rec/bib/journals/corr/NgHVVMT15},
  bibsource = {dblp computer science bibliography, http://dblp.org}
},

@article{article:lstm,
  author    = {Wojciech Zaremba and
               Ilya Sutskever and
               Oriol Vinyals},
  title     = {Recurrent Neural Network Regularization},
  journal   = {CoRR},
  volume    = {abs/1409.2329},
  year      = {2014},
  url       = {http://arxiv.org/abs/1409.2329},
  timestamp = {Wed, 07 Jun 2017 14:41:43 +0200},
  biburl    = {http://dblp.uni-trier.de/rec/bib/journals/corr/ZarembaSV14},
  bibsource = {dblp computer science bibliography, http://dblp.org}
}